@article{sample-reference,
    title={عنوان مقاله نمونه},
    author={نویسنده اول and نویسنده دوم},
    journal={نام مجله},
    volume={۱۰},
    number={۲},
    pages={۱۲۳--۱۴۵},
    year={۱۴۰۲},
    publisher={انتشارات نمونه}
}

@book{sample-book,
    title={عنوان کتاب نمونه},
    author={نویسنده کتاب},
    year={۱۴۰۱},
    publisher={انتشارات علمی},
    address={تهران، ایران}
}

@inproceedings{sample-conference,
    title={عنوان مقاله کنفرانس},
    author={نویسنده اول and نویسنده دوم and نویسنده سوم},
    booktitle={مجموعه مقالات کنفرانس بین‌المللی},
    pages={۵۰--۶۰},
    year={۱۴۰۲},
    organization={سازماندهنده کنفرانس}
}

@mastersthesis{sample-thesis,
    title={عنوان پایان‌نامه},
    author={دانشجوی کارشناسی ارشد},
    school={دانشگاه صنعتی شریف},
    year={۱۴۰۱},
    type={پایان‌نامه کارشناسی ارشد}
}

@misc{sample-web,
    title={عنوان منبع اینترنتی},
    author={نویسنده وب‌سایت},
    year={۱۴۰۲},
    howpublished={\url{https://example.com}},
    note={تاریخ دسترسی: ۱۴۰۲/۰۸/۱۰}
}

@article{Jha2023,
  author    = {Saurabh Jha and K. Kumar and S. Kumar},
  title     = {From theory to practice: Understanding DevOps culture and mindset},
  journal   = {Cogent Engineering},
  year      = {2023},
  volume    = {10},
  number    = {1},
  pages     = {2251758},
  publisher = {Taylor and Francis},
  doi       = {10.1080/23311916.2023.2251758},
  url       = {https://doi.org/10.1080/23311916.2023.2251758}
}
